% ~~~~~~~~~ CERN + Introduction ~~~~~~~~~

@misc{
	Cern,
	title={Home},
	url={https://home.cern},
	journal={home.cern},
	author={CERN}
}

@misc{
	CernAbout,
	title={About},
	url={https://home.cern/about},
	journal={home.cern},
	author={CERN}
}

@misc{
	CernWhoWeAre,
	title={Who we are},
	url={https://home.cern/about/who-we-are},
	journal={home.cern},
	author={CERN}
}

@misc{
	CernOurHistory,
	title={Our history},
	url={https://home.cern/about/who-we-are/our-history},
	journal={home.cern},
	author={CERN}
}

@misc{
	wikipediacern,
	title={CERN}, 
	url={https://en.wikipedia.org/wiki/CERN}, 
	journal={Wikipedia}, 
	publisher={Wikimedia Foundation}, 
	year={2019}, 
	month={Oct}
}

@misc{
	HowParticleAccsWork,
	title={How Particle Accelerators Work},
	url={https://www.energy.gov/articles/how-particle-accelerators-work},
	journal={Energy.gov},
	year={2014},
	author={Dotson, Ben}
}

@misc{
	CernBeamsDep,
	title={Beams Department},
	url={https://beams.web.cern.ch},
	journal={beams.web.cern},
	author={CERN}
}

@misc{
	CernLhc,
	title={The Large Hadron Collider},
	url={https://home.cern/science/accelerators/large-hadron-collider},
	journal={home.cern},
	author={CERN}
}

@book{
	ControlSystemBible,
	edition={2019 Edition},
	title={Introduction to the BE-CO Control System}, 
	publisher={CERN},
	author={Deghaye, Stéphane and Fortescue-Beck , Eve},
	year={2019}
}

% ~~~~ General Python literature ~~~~~~~

@book{
	ByteOfPython, 
	title={A Byte of Python},
	publisher={Independent},
	author={Swaroop C.H.},
	year={2019}
}


% ~~~~~~~~~~~~ PyQt ~~~~~~~~~~~~~~~~

@book{
	PythonGui1, 
	place={Birmingham, UK},
	title={Mastering GUI programming with Python: develop impressive cross-platform GUI applications with PyQt},
	publisher={Packt Publishing, Limited},
	author={Moore, Alan D.},
	year={2019}
}

@book{
	PythonGui2, 
	place={Birmingham}, 
	title={Python GUI programming: a complete reference guide: develop responsive and powerful GUI applications with PyQt and Tkinter}, 
	publisher={Packt Publishing}, 
	author={Moore, Alan and Harwani, B. M.}, 
	year={2019}
}

% ~~~~ Data Visualization in Python ~~~~

@misc{
	PyDataVisLibs,
	title={The Best Python Data Visualization Libraries},
	url={https://www.fusioncharts.com/blog/best-python-data-visualization-libraries/},
	journal={FusionBrew - The FusionCharts Blog},
	author={Smith, Quincy},
	year={2019},
	month={Nov}
}

@book{
	PythonDataScience,
	place={Birmingham, UK},
	title={Data science with Python: combine Python with machine learning principles to discover hidden patterns in raw data},
	publisher={Packt Publishing},
	author={Chopra, Rohan and England, Aaron and Alaudeen, Mohamed Noordeen}, 
	year={2019}
}


% Benchmarking

@article{
	OverviewBenchmarks,
	title={An overview of common benchmarks},
	volume={23},
	DOI={10.1109/2.62094}, 
	number={12}, 
	journal={Computer}, 
	author={Weicker, Reinhold P.}, 
	year={1990}, 
	pages={65–75}
}

@BOOK{
	MonitoringBenchmarks,
	AUTHOR = {Waller, Jan},
	YEAR = {2015},
	TITLE = {Performance Benchmarking of Application Monitoring Frameworks - },
	EDITION = {1. Aufl.},
	ISBN = {978-3-738-68931-0},
	PUBLISHER = {BoD – Books on Demand},
	ADDRESS = {Norderstedt},
}

@BOOK{
	ComputerBenchmarks,
	AUTHOR = {Dongarra, Jack J. AND Gentzsch, Wolfgang},
	YEAR = {1993},
	TITLE = {Computer benchmarks - },
	EDITION = {},
	ISBN = {978-0-444-81518-7},
	PUBLISHER = {North-Holland},
	ADDRESS = {Amsterdam},
}

@book{
	BenchmarkingGeneral,
	place={Berlin, Heidelberg},
	title={Performance Evaluation and Benchmarking}, publisher={Springer-Verlag Berlin Heidelberg},
	author={Nambiar, Raghunath and Poess, Meikel}
}